<collection xmlns="http://www.loc.gov/MARC21/slim">
<record>
  <leader>01410nam0a2200265 i 450 </leader>
  <controlfield tag="001">IT\ICCU\CNCE\077322</controlfield>
  <controlfield tag="005">20120321000000.0</controlfield>
  <datafield tag="012" ind1=" " ind2=" ">
    <subfield code="a">-n-a o,ei r-a- n&apos;&amp;p (C) 1584 (R)</subfield>
    <subfield code="2">fei</subfield>
  </datafield>
  <datafield tag="100" ind1=" " ind2=" ">
    <subfield code="a">20120321f1584        0itac0103    ba</subfield>
  </datafield>
  <datafield tag="101" ind1=" " ind2=" ">
    <subfield code="a">ITA</subfield>
  </datafield>
  <datafield tag="102" ind1=" " ind2=" ">
    <subfield code="a">IT</subfield>
  </datafield>
  <datafield tag="200" ind1="1" ind2=" ">
    <subfield code="a">Cronica dell&apos;illustre, et antiqua prouincia della Marca Triuigiana. Doue si contiene l&apos;origine, &amp; edificatione di tutte le citt,̉ castelle, &amp; ville, con li nomi delli antichi, e moderni; &amp; le signorie che l&apos;hanno posseduta secondo li tempi. Con gli huomini illustri, tanto in arme, quanto in lettere, che ui sono stati. Opera diletteuole raccolta per Christofaro Cieco da Forl</subfield>
  </datafield>
  <datafield tag="210" ind1=" " ind2=" ">
    <subfield code="a">Bologna</subfield>
    <subfield code="c">per Pellegrino Bonardo</subfield>
    <subfield code="d">\non dopo il 1584!</subfield>
  </datafield>
  <datafield tag="215" ind1=" " ind2=" ">
    <subfield code="a">\16! c.</subfield>
    <subfield code="d">8ʻ</subfield>
  </datafield>
  <datafield tag="300" ind1=" " ind2=" ">
    <subfield code="a">La data si ricava dall&apos;attivit ̉del tipografo</subfield>
  </datafield>
  <datafield tag="620" ind1=" " ind2=" ">
    <subfield code="a">IT</subfield>
    <subfield code="d">Bologna</subfield>
  </datafield>
  <datafield tag="700" ind1=" " ind2="1">
    <subfield code="a">Scanello,</subfield>
    <subfield code="b">Cristoforo</subfield>
    <subfield code="3">IT\ICCU\CNCA\007087</subfield>
  </datafield>
  <datafield tag="712" ind1="0" ind2="0">
    <subfield code="a">Bonardo, Pellegrino</subfield>
    <subfield code="3">IT\ICCU\CNCT\000668</subfield>
    <subfield code="4">650</subfield>
  </datafield>
  <datafield tag="790" ind1=" " ind2="0">
    <subfield code="a">Christofaro Cieco</subfield>
    <subfield code="c"> : da#Forl</subfield>
    <subfield code="3">IT\ICCU\CNCA\008021</subfield>
    <subfield code="z">Scanello, Cristoforo</subfield>
  </datafield>
  <datafield tag="790" ind1=" " ind2="0">
    <subfield code="a">Cieco</subfield>
    <subfield code="c"> : da#Forl</subfield>
    <subfield code="3">IT\ICCU\CNCA\013260</subfield>
    <subfield code="z">Scanello, Cristoforo</subfield>
  </datafield>
  <datafield tag="790" ind1=" " ind2="1">
    <subfield code="a">Cieco,</subfield>
    <subfield code="b">Cristoforo</subfield>
    <subfield code="3">IT\ICCU\CNCA\016840</subfield>
    <subfield code="z">Scanello, Cristoforo</subfield>
  </datafield>
  <datafield tag="791" ind1="0" ind2="0">
    <subfield code="a">Bonardus, Peregrinus</subfield>
    <subfield code="3">IT\ICCU\CNCT\004433</subfield>
    <subfield code="z">Bonardo, Pellegrino</subfield>
  </datafield>
  <datafield tag="801" ind1=" " ind2="3">
    <subfield code="a">IT</subfield>
    <subfield code="b">ICCU</subfield>
    <subfield code="c">20201115</subfield>
  </datafield>
  <datafield tag="899" ind1=" " ind2=" ">
    <subfield code="a">Biblioteca civica. Padova</subfield>
    <subfield code="1">PD0090</subfield>
    <subfield code="2">PUV 55</subfield>
  </datafield>
  <datafield tag="899" ind1=" " ind2=" ">
    <subfield code="a">Biblioteca civica. Verona</subfield>
    <subfield code="1">VR0059</subfield>
    <subfield code="2">ZVR 02</subfield>
  </datafield>
</record>
</collection>
